<mx:record xmlns="http://www.w3.org/TR/xhtml1/strict" xmlns:mx="http://www.loc.gov/MARC21/slim" xmlns:xsi="http://www.w3.org/2001/XMLSchema-instance"><mx:leader>00000nz   2200000n  4500</mx:leader><mx:controlfield tag="001">oca04204763 </mx:controlfield><mx:controlfield tag="005">19961109051517.0</mx:controlfield><mx:controlfield tag="008">960809n| acannaab|          |a aaa     c</mx:controlfield><mx:datafield ind1=" " ind2=" " tag="010"><mx:subfield code="a">nr 96029289 </mx:subfield></mx:datafield><mx:datafield ind1=" " ind2=" " tag="040"><mx:subfield code="a">UPB</mx:subfield><mx:subfield code="c">UPB</mx:subfield></mx:datafield><mx:datafield ind1="1" ind2=" " tag="100"><mx:subfield code="a">Rufinianus, Julius</mx:subfield></mx:datafield><mx:datafield ind1="1" ind2=" " tag="400"><mx:subfield code="a">Rufinianus, J.</mx:subfield><mx:subfield code="q">(Julius)</mx:subfield></mx:datafield><mx:datafield ind1="0" ind2=" " tag="400"><mx:subfield code="a">Iulius,</mx:subfield><mx:subfield code="c">Rufinianus</mx:subfield></mx:datafield><mx:datafield ind1="0" ind2=" " tag="400"><mx:subfield code="a">Julius,</mx:subfield><mx:subfield code="c">Rufinianus</mx:subfield></mx:datafield><mx:datafield ind1=" " ind2=" " tag="670"><mx:subfield code="a">Veterum aliquot de arte rhetorica traditiones, 1521:</mx:subfield><mx:subfield code="b">verso t.p. (Iulij Rufiniani)</mx:subfield></mx:datafield><mx:datafield ind1=" " ind2=" " tag="670"><mx:subfield code="a">RLIN, 8/9/96</mx:subfield><mx:subfield code="b">(hdg.: Rufinianus, Julius)</mx:subfield></mx:datafield><mx:datafield ind1=" " ind2=" " tag="670"><mx:subfield code="a">Pauly-Wissowa, Realencyclopädie:</mx:subfield><mx:subfield code="b">v. 10, col. 790 (Iulius Rufinianus (entered under Iulius))</mx:subfield></mx:datafield><mx:datafield ind1=" " ind2=" " tag="999"><mx:subfield code="a">261.7747</mx:subfield></mx:datafield></mx:record>